@article{TBME,
	title = {Multiclass {Brain-Computer} Interface Classification by Riemannian Geometry},
	volume = {59},
	number = {4},
	journal = {{IEEE} Transactions on Biomedical Engineering},
	author = {Barachant, A. and Bonnet, S. and Congedo, M. and Jutten, C.},
	year = {2012},
	pages = {920--928}
}

@article{NEUROCOMP,
	title = {Classification of covariance matrices using a {Riemannian-based} kernel for BCI applications},
	journal = {Neurocomputing},
	author = {Barachant, A. and Bonnet, S. and Congedo, M. and Jutten, C.},
    volume = {112},
	year = {2013},
	pages = {172--178}
}

@article{Axiv1,
  title     = {A New Generation of Brain-Computer Interface Based on Riemannian Geometry},
  author    = {Congedo, M. and Barachant, A and Andreev, A},
    journal = {Arxiv},
  year      = {2013}
}

@article{xdawn,
  title={xDAWN algorithm to enhance evoked potentials: application to brain--computer interface},
  author={Rivet, Bertrand and Souloumiac, Antoine and Attina, Virginie and Gibert, Guillaume},
  journal={Biomedical Engineering, IEEE Transactions on},
  volume={56},
  number={8},
  pages={2035--2043},
  year={2009},
  publisher={IEEE}
}

@article{arsigny2007geometric,
  title={Geometric means in a novel vector space structure on symmetric positive-definite matrices},
  author={Arsigny, Vincent and Fillard, Pierre and Pennec, Xavier and Ayache, Nicholas},
  journal={SIAM journal on matrix analysis and applications},
  volume={29},
  number={1},
  pages={328--347},
  year={2007},
  publisher={SIAM}
}

@article{moakher_differential_2005,
	title = {A Differential Geometric Approach to the Geometric Mean of Symmetric {Positive-Definite} Matrices},
	volume = {26},
	number = {3},
	journal = {{SIAM} J. Matrix Anal. Appl.},
	author = {M. Moakher},
	year = {2005},
	pages = {735--747}
}